<?xml version="1.0" encoding="UTF-8"?><collection xmlns="http://www.loc.gov/MARC21/slim"><record><leader>00340nam--2200121-i-4500</leader><controlfield tag="001">000003937</controlfield><controlfield tag="002">20161230</controlfield><controlfield tag="005">20161230201025</controlfield><controlfield tag="008">060222s1000------------r-----000-0-eng-d</controlfield><datafield ind1=" " ind2=" " tag="100"><subfield code="a">Ardas, Sarian Si Stefanescu, Cl</subfield></datafield><datafield ind1=" " ind2=" " tag="245"><subfield code="a">Defectele pieselor turnate</subfield></datafield><datafield ind1=" " ind2=" " tag="260"><subfield code="a">Bucuresti, Ed.Tehnica, 1957 388 P. + Atlas De Defecte (Planse)</subfield></datafield><datafield ind1=" " ind2=" " tag="852"><subfield code="a">4687</subfield></datafield></record></collection>